<?xml version="1.0" encoding="UTF-8"?><collection xmlns="http://www.loc.gov/MARC21/slim"><record><leader>00284nam--2200121-i-4500</leader><controlfield tag="001">000008313</controlfield><controlfield tag="002">20161230</controlfield><controlfield tag="005">20161230201027</controlfield><controlfield tag="008">060222s1000------------r-----000-0-eng-d</controlfield><datafield ind1=" " ind2=" " tag="080"><subfield code="a">621.38</subfield></datafield><datafield ind1=" " ind2=" " tag="245"><subfield code="a">Basic electronics</subfield></datafield><datafield ind1=" " ind2=" " tag="260"><subfield code="a">London, The Technical Press, Ltd., 1966</subfield></datafield><datafield ind1=" " ind2=" " tag="852"><subfield code="a">27835</subfield></datafield></record></collection>